<record><leader>00000cas a2200000 a 4500</leader><controlfield tag="001">11684388</controlfield><controlfield tag="008">850212d18891901ksuwr ne      0   a0eng d</controlfield><datafield ind1=" " ind2=" " tag="010"><subfield code="a">sn 85030063 </subfield></datafield><datafield ind1=" " ind2=" " tag="040"><subfield code="a">KSH</subfield><subfield code="b">eng</subfield><subfield code="c">KSH</subfield><subfield code="d">NPT</subfield><subfield code="d">OCL</subfield><subfield code="d">OCLCQ</subfield></datafield><datafield ind1=" " ind2=" " tag="042"><subfield code="a">msc</subfield></datafield><datafield ind1="0" ind2="4" tag="245"><subfield code="a">The Kingman weekly journal.</subfield></datafield><datafield ind1=" " ind2=" " tag="260"><subfield code="a">Kingman, Kan. :</subfield><subfield code="b">J.A. Maxey,</subfield><subfield code="c">-1901.</subfield></datafield><datafield ind1=" " ind2=" " tag="300"><subfield code="a">v. :</subfield><subfield code="b">ill. ;</subfield><subfield code="c">55-65 cm.</subfield></datafield><datafield ind1=" " ind2=" " tag="310"><subfield code="a">Weekly</subfield></datafield><datafield ind1="0" ind2=" " tag="362"><subfield code="a">-v. 12, no. 1 (May 31, 1901).</subfield></datafield><datafield ind1="1" ind2=" " tag="362"><subfield code="a">Began in 1889.</subfield><subfield code="z">Cf. Ayer, 1903.</subfield></datafield><datafield ind1=" " ind2=" " tag="500"><subfield code="a">Publisher varies.</subfield></datafield><datafield ind1=" " ind2=" " tag="500"><subfield code="a">"Devoted to the upbuilding of labor."</subfield></datafield><datafield ind1=" " ind2=" " tag="525"><subfield code="a">Supplements included.</subfield></datafield><datafield ind1=" " ind2=" " tag="550"><subfield code="a">Official publication of: Farmer's Alliance, Feb. 21-May 23, 1890; Farmer's Alliance and Knights of Labor, May 30-June 13, 1890.</subfield></datafield><datafield ind1=" " ind2=" " tag="588"><subfield code="a">Description based on: Vol. 2, no. 43 (Jan. 3, 1890).</subfield></datafield><datafield ind1=" " ind2=" " tag="752"><subfield code="a">United States</subfield><subfield code="b">Kansas</subfield><subfield code="c">Kingman</subfield><subfield code="d">Kingman.</subfield></datafield><datafield ind1="0" ind2="0" tag="780"><subfield code="t">Voice of the people (Kingman, Kan.)</subfield><subfield code="w">(DLC)sn 85030062</subfield></datafield><datafield ind1="0" ind2="0" tag="785"><subfield code="t">Kingman journal</subfield><subfield code="w">(DLC)sn 85030064</subfield></datafield></record>